@article{Lu2013,
	doi = {10.1029/2012jd018464},
	url = {http://dx.doi.org/10.1029/2012jd018464},
	year = 2013,
	month = {jan},
	publisher = {Wiley-Blackwell},
	volume = {118},
	number = {1},
	pages = {185--194},
	author = {Chunsong Lu and Yangang Liu and Shengjie Niu and Steven Krueger and Timothy Wagner},
	title = {Exploring parameterization for turbulent entrainment-mixing processes in clouds},
	journal = {Journal of Geophysical Research: Atmospheres}
}

@article{Lu2011,
	doi = {10.1029/2011jd015944},
	url = {http://dx.doi.org/10.1029/2011jd015944},
	year = 2011,
	month = {oct},
	publisher = {Wiley-Blackwell},
	volume = {116},
	number = {D20},
	author = {Chunsong Lu and Yangang Liu and Shengjie Niu},
	title = {Examination of turbulent entrainment-mixing mechanisms using a combined approach},
	journal = {J. Geophys. Res.}
}

@article{Malinowski1998,
  title={Laboratory observations of cloud-clear air mixing at small scales},
  author={Malinowski, Szymon P and Zawadzki, Isztar and Banat, Piotr},
  journal={Journal of Atmospheric and Oceanic Technology},
  volume={15},
  number={4},
  pages={1060--1065},
  year={1998}
}

@article{Morrison2008,
	doi = {10.1175/2007jas2374.1},
	url = {http://dx.doi.org/10.1175/2007jas2374.1},
	year = 2008,
	month = {mar},
	publisher = {American Meteorological Society},
	volume = {65},
	number = {3},
	pages = {792--812},
	author = {Hugh Morrison and Wojciech W. Grabowski},
	title = {Modeling Supersaturation and Subgrid-Scale Mixing with Two-Moment Bulk Warm Microphysics},
	journal = {J. Atmos. Sci.}
}

@article{Jarecka2009,
	doi = {10.1175/2009jas2929.1},
	url = {http://dx.doi.org/10.1175/2009jas2929.1},
	year = 2009,
	month = {jul},
	publisher = {American Meteorological Society},
	volume = {66},
	number = {7},
	pages = {2125--2133},
	author = {Dorota Jarecka and Wojciech W. Grabowski and Hanna Pawlowska},
	title = {Modeling of Subgrid-Scale Mixing in Large-Eddy Simulation of Shallow Convection},
	journal = {J. Atmos. Sci.}
}

@article{Jarecka2013,
	doi = {10.1175/jas-d-13-042.1},
	url = {http://dx.doi.org/10.1175/jas-d-13-042.1},
	year = 2013,
	month = {sep},
	publisher = {American Meteorological Society},
	volume = {70},
	number = {9},
	pages = {2751--2767},
	author = {Dorota Jarecka and Wojciech W. Grabowski and Hugh Morrison and Hanna Pawlowska},
	title = {Homogeneity of the Subgrid-Scale Turbulent Mixing in Large-Eddy Simulation of Shallow Convection},
	journal = {J. Atmos. Sci.}
}


@article{And09,
  author =        {M. Andrejczuk and W.-W. Grabowski and
                   S.-P. Malinowski and P.-K. Smolarkiewicz},
  journal =       {Journal of the Atmospheric Sciences},
  pages =         {2493-2500},
  title =         {Numerical Simulation of Cloud-Clear Air Interfaical
                   Mixing: Homogeneous versus Inhomogeneous Mixing},
  volume =        {66},
  year =          {2009},
}

@article{And04,
  author =        {M. Andrejczuk and W.-W. Grabowski and
                   S.-P. Malinowski and P.-K. Smolarkiewicz},
  journal =       {Journal of the Atmospheric Sciences},
  pages =         {1726-1739},
  title =         {Numerical Simulation of Cloud-Clear Air Interfacial
                   Mixing},
  volume =        {61},
  year =          {2004},
}

@article{And06,
  author =        {M. Andrejczuk and W.-W. Grabowski and
                   S.-P. Malinowski and P.-K. Smolarkiewicz},
  journal =       {Journal of the Atmospheric Sciences},
  pages =         {3204-3225},
  title =         {Numerical Simulation of Cloud-Clear Air Interfacial
                   Mixing: Effects on Cloud Microphysics},
  volume =        {63},
  year =          {2006},
}

@article{Kumar11,
  author =        {B. Kumar and J. Schumacher and R.-A.Shaw},
  journal =       {Theoretical Computational Fluid Dynamics},
  number =        {361},
  title =         {Cloud Microphysical Effects of Turbulent Mixing and
                   Entrainment},
  volume =        {27},
  year =          {2012},
}

@article{Kumar12,
  author =        {B. Kumar and F. Janetzko and J. Schumacher and
                   R.-A.Shaw},
  journal =       {New Journal of Physics},
  number =        {115020},
  title =         {Extreme response of a coupled scalar-particle system
                   during turbulent mixing},
  volume =        {14},
  year =          {2012},
}

@misc{Kumar16Corr,
	author = {B. Kumar and J. Schumacher and R.-A.Shaw},
	title = {Corrigedum to Lagrangian Mixing Dynamics at the Cloudy-Clear Air Interface},
	year = 2016,
	howpublished = {personal communication}
}

@article{Vaillancourt00,
  author =        {P. A. Vaillancourt and M. K. Yau},
  journal =       {American Meteorological Society},
  number =        {2},
  pages =         {285-298},
  title =         {Review of Particle-Turbulence Interactions and
                   Consequences for Cloud Physics},
  volume =        {81},
  year =          {2000},
}

@article{Kumar14,
  author =        {B. Kumar and J. Schumacher and R.-A.Shaw},
  journal =       {Journal of the Atmospheric Sciences},
  number =        {7},
  pages =         {2564-2580},
  title =         {Lagrangian Mixing Dynamics at the Cloudy-Clear Air
                   Interface},
  volume =        {71},
  year =          {2014},
}

@article{Eaton94,
  author =        {J. K. Eaton and J. R. Fessler},
  journal =       {International Journal of Multiphase Flow},
  number =        {Supplement 1},
  pages =         {169-209},
  title =         {Preferential concentration of particles by
                   turbulence},
  volume =        {20},
  year =          {1994},
}

@book{Rogallo81,
  author =        {R. S. Rogallo},
  publisher =     {National Aeronautics and Space Administration},
  title =         {Numerical Experiments in Homogeneous Turbulence},
  volume =        {81315},
  year =          {1981},
}

@article{Orszag72,
  author =        {Steven A. Orszag},
  journal =       {Studies in Applied Mathematics},
  month =         {sep},
  number =        {3},
  pages =         {253--259},
  publisher =     {Wiley-Blackwell},
  title =         {Comparison of Pseudospectral and Spectral
                   Approximation},
  volume =        {51},
  year =          {1972},
  doi =           {10.1002/sapm1972513253},
  url =           {http://dx.doi.org/10.1002/sapm1972513253},
}

@article{Celani05,
  author =        {A. Celani and G. Falkovich and A. Mazzino and
                   Seminara},
  journal =       {Europhysics Letters},
  number =        {6},
  pages =         {775-781},
  title =         {Droplet Condensation in Turbulence Flows},
  volume =        {70},
  year =          {2005},
}

@article{WENO96,
  author =        {G.-S. Jiang and C.-W. Shu},
  journal =       {Journal of Computational Physics},
  pages =         {202-228},
  title =         {Efficient Implementation of Weighted ENO Schemes},
  volume =        {126},
  year =          {1996},
}

@article{Rosales05,
  author =        {Rosales, Carlos and Meneveau, Charles},
  journal =       {Physics of Fluids},
  number =        {9},
  pages =         {095106},
  publisher =     {AIP Publishing},
  title =         {Linear forcing in numerical simulations of isotropic
                   turbulence: Physical space implementations and
                   convergence properties},
  volume =        {17},
  year =          {2005},
}

@article{Chunsong11,
  author =        {C. Lu and Y. Liu and S. Niu},
  journal =       {Journal of Geophysical Research},
  pages =         {D20207},
  title =         {Examination of Turbulent Entrainment-Mixing
                   Mechanisms Using a combined Approach},
  volume =        {116},
  year =          {2011},
}

@article{Chunsong13,
  author =        {C. Lu and Y. Liu and S. Krueger and T. Wagner},
  journal =       {Journal of Geophysical Research: Atmospheres},
  pages =         {185-194},
  title =         {Exploring Parameterization for Turbulent
                   Entrainment-Mixing Process in Clouds},
  volume =        {118},
  year =          {2013},
}

@article{Sundaram97,
  author =        {S. Sundaram and L. R. Collins},
  journal =       {Journal of Fluid Mech},
  pages =         {75-109},
  title =         {Collision statistics in an isotropic particle-laden
                   turbulent suspension. Part 1. Direct numerical
                   simulations},
  volume =        {335},
  year =          {1997},
}

@article{Reade2000,
  author =        {Walter C. Reade and Lance R. Collins},
  journal =       {Physics of Fluids},
  number =        {10},
  pages =         {2530},
  publisher =     {{AIP} Publishing},
  title =         {Effect of preferential concentration on turbulent
                   collision rates},
  volume =        {12},
  year =          {2000},
  doi =           {10.1063/1.1288515},
  url =           {http://dx.doi.org/10.1063/1.1288515},
}

@article{Vaillancourt02,
  author =        {P. A. Vaillancourt and M. K. Yau and P. Bartello and
                   W. W. Grabowski},
  journal =       {American Meteorological Society},
  pages =         {3421-3432},
  title =         {Microscopic Approach to Cloud Droplets Growth by
                   Condensation. Part II: Turbulence, Clustering, and
                   Condensational Growth},
  volume =        {59},
  year =          {2002},
}

@article{Brenguier1993,
  title={Observations of cloud microstructure at the centimeter scale},
  author={Brenguier, Jean-Louis},
  journal={Journal of Applied Meteorology},
  volume={32},
  number={4},
  pages={783--793},
  year={1993}
}

@article{Malinowski2008,
	doi = {10.1088/1367-2630/10/7/075020},
	url = {http://dx.doi.org/10.1088/1367-2630/10/7/075020},
	year = 2008,
	month = {jul},
	publisher = {{IOP} Publishing},
	volume = {10},
	number = {7},
	pages = {075020},
	author = {Szymon P Malinowski and Miroslaw Andrejczuk and Wojciech W Grabowski and Piotr Korczyk and Tomasz A Kowalewski and Piotr K Smolarkiewicz},
	title = {Laboratory and modeling studies of cloud{\textendash}clear air interfacial mixing: anisotropy of small-scale turbulence due to evaporative cooling},
	journal = {New Journal of Physics}
}

@article{Lanotte2009,
	doi = {10.1175/2008jas2864.1},
	url = {http://dx.doi.org/10.1175/2008jas2864.1},
	year = 2009,
	month = {jun},
	publisher = {American Meteorological Society},
	volume = {66},
	number = {6},
	pages = {1685--1697},
	author = {Alessandra S. Lanotte and Agnese Seminara and Federico Toschi},
	title = {Cloud Droplet Growth by Condensation in Homogeneous Isotropic Turbulence},
	journal = {J. Atmos. Sci.}
}

@article{Lozar2014,
	doi = {10.1002/qj.2234},
	url = {http://dx.doi.org/10.1002/qj.2234},
	year = 2013,
	month = {sep},
	publisher = {Wiley-Blackwell},
	volume = {140},
	number = {682},
	pages = {1493--1504},
	author = {A. de Lozar and J. P. Mellado},
	title = {Cloud droplets in a bulk formulation and its application to buoyancy reversal instability},
	journal = {Quarterly Journal of the Royal Meteorological Society}
}

@article{Brown2001,
	doi = {10.1006/jcph.2001.6715},
	url = {http://dx.doi.org/10.1006/jcph.2001.6715},
	year = 2001,
	month = {apr},
	publisher = {Elsevier {BV}},
	volume = {168},
	number = {2},
	pages = {464--499},
	author = {David L. Brown and Ricardo Cortez and Michael L. Minion},
	title = {Accurate Projection Methods for the Incompressible Navier{\textendash}Stokes Equations},
	journal = {Journal of Computational Physics}
}

@incollection{hypre_cite,
        url = {http://dx.doi.org/10.1007/3-540-47789-6_66},
        year = 2002,
        publisher = {Springer Science and Business Media},
        pages = {632--641},
        author = {Robert D. Falgout and Ulrike Meier Yang},
        title = {hypre: A Library of High Performance Preconditioners},
        booktitle = {Lecture Notes in Computer Science}
}

@TechReport{petsc_cite,
            author = {Satish Balay and Shrirang Abhyankar and Mark~F. Adams and Jed Brown and Peter Brune and Kris Buschelman and Lisandro Dalcin and Victor Eijkhout and William~D. Groppand Dinesh Kaushik and Matthew~G. Knepley and Lois Curfman McInnes and Karl Rupp and Barry~F. Smith and Stefano Zampini and Hong Zhang and Hong Zhang},
            title  = {{PETS}c Users Manual},
            institution = {Argonne National Laboratory},
            year   = 2016,
            number = {ANL-95/11 - Revision 3.7},
            url    = {http://www.mcs.anl.gov/petsc}
}

@article{grabowski1999comments,
  title={Comments on “preferential concentration of cloud droplets by turbulence: effects on the early evolution of cumulus cloud droplet spectra”},
  author={Grabowski, Wojciech W and Vaillancourt, Paul},
  journal={Journal of the atmospheric sciences},
  volume={56},
  number={10},
  pages={1433--1436},
  year={1999}
}

@article{vaillancourt2000review,
  title={Review of particle-turbulence interactions and consequences for cloud physics},
  author={Vaillancourt, Paul A and Yau, MK},
  journal={Bulletin of the American Meteorological Society},
  volume={81},
  number={2},
  pages={285--298},
  year={2000}
}

@article{lu2014scale,
  title={Scale dependence of entrainment-mixing mechanisms in cumulus clouds},
  author={Lu, Chunsong and Liu, Yangang and Niu, Shengjie and Endo, Satoshi},
  journal={Journal of Geophysical Research: Atmospheres},
  volume={119},
  number={24},
  year={2014},
  publisher={Wiley Online Library}
}

@article{Krueger1997Modeling,
  title={Modeling entrainment and finescale mixing in cumulus clouds},
  author={Krueger, Steven K and Su, Chwen-Wei and McMurtry, Patrick A},
  journal={Journal of the atmospheric sciences},
  volume={54},
  number={23},
  pages={2697--2712},
  year={1997}
}

@article{Grabowski1993Cumulus,
        doi = {10.1002/qj.49711951305},
        url = {https://doi.org/10.1002%2Fqj.49711951305},
        year = 1993,
        month = {jul},
        publisher = {Wiley-Blackwell},
        volume = {119},
        number = {513},
        pages = {935--956},
        author = {Wojciech W. Grabowski},
        title = {Cumulus entrainment, fine-scale mixing, and buoyancy reversal},
        journal = {Quarterly Journal of the Royal Meteorological Society}
}

@article{Burnet2007Observational,
        doi = {10.1175/jas3928.1},
        url = {https://doi.org/10.1175%2Fjas3928.1},
        year = 2007,
        month = {jun},
        publisher = {American Meteorological Society},
        volume = {64},
        number = {6},
        pages = {1995--2011},
        author = {Fr{\'{e}}d{\'{e}}ric Burnet and Jean-Louis Brenguier},
        title = {Observational Study of the Entrainment-Mixing Process in Warm Convective Clouds},
        journal = {Journal of the Atmospheric Sciences}
}

@article{Lehmann2009,
        doi = {10.1175/2009jas3012.1},
        url = {https://doi.org/10.1175%2F2009jas3012.1},
        year = 2009,
        month = {dec},
        publisher = {American Meteorological Society},
        volume = {66},
        number = {12},
        pages = {3641--3659},
        author = {Katrin Lehmann and Holger Siebert and Raymond A. Shaw},
        title = {Homogeneous and Inhomogeneous Mixing in Cumulus Clouds: Dependence on Local Turbulence Structure},
        journal = {Journal of the Atmospheric Sciences}
}

@article{Andrejczuk2009,
        doi = {10.1175/2009jas2956.1},
        url = {https://doi.org/10.1175%2F2009jas2956.1},
        year = 2009,
        month = {aug},
        publisher = {American Meteorological Society},
        volume = {66},
        number = {8},
        pages = {2493--2500},
        author = {Miroslaw Andrejczuk and Wojciech W. Grabowski and Szymon P. Malinowski and Piotr K. Smolarkiewicz},
        title = {Numerical Simulation of Cloud{\textendash}Clear Air Interfacial Mixing: Homogeneous versus Inhomogeneous Mixing},
        journal = {Journal of the Atmospheric Sciences}
}

@article{Lu2014,
  title={Scale dependence of entrainment-mixing mechanisms in cumulus clouds},
  author={Lu, Chunsong and Liu, Yangang and Niu, Shengjie and Endo, Satoshi},
  journal={Journal of Geophysical Research: Atmospheres},
  volume={119},
  number={24},
  year={2014},
  publisher={Wiley Online Library}
}

@article{Andrejczuk2004,
  author =        {M. Andrejczuk and W.-W. Grabowski and
                   S.-P. Malinowski and P.-K. Smolarkiewicz},
  journal =       {Journal of the Atmospheric Sciences},
  pages =         {1726-1739},
  title =         {Numerical Simulation of Cloud-Clear Air Interfacial
                   Mixing},
  volume =        {61},
  year =          {2004},
}

@article{Kumar2014Lagrangian,
        doi = {10.1175/jas-d-13-0294.1},
        url = {https://doi.org/10.1175%2Fjas-d-13-0294.1},
        year = 2014,
        month = {jul},
        publisher = {American Meteorological Society},
        volume = {71},
        number = {7},
        pages = {2564--2580},
        author = {Bipin Kumar and Jörg Schumacher and Raymond A. Shaw},
        title = {Lagrangian Mixing Dynamics at the Cloudy{\textendash}Clear Air Interface},
        journal = {Journal of the Atmospheric Sciences}
}

@article{ghosal1995dynamic,
  title={A dynamic localization model for large-eddy simulation of turbulent flows},
  author={Ghosal, Sandip and Lund, Thomas S and Moin, Parviz and Akselvoll, Knut},
  journal={Journal of Fluid Mechanics},
  volume={286},
  pages={229--255},
  year={1995},
  publisher={Cambridge Univ Press}
}

@article{Howell1949,
  title={The growth of cloud drops in uniformly cooled air},
  author={Howell, Wallace E},
  journal={Journal of Meteorology},
  volume={6},
  number={2},
  pages={134--149},
  year={1949}
}

@article{HudsonYum1997,
  title={Droplet spectral broadening in marine stratus},
  author={Hudson, James G and Yum, Seong Soo},
  journal={Journal of the atmospheric sciences},
  volume={54},
  number={22},
  pages={2642--2654},
  year={1997}
}

@article{YumHudson2001,
  title={Vertical distributions of cloud condensation nuclei spectra over the springtime Arctic Ocean},
  author={Yum, Seong Soo and Hudson, James G},
  journal={Journal of Geophysical Research: Atmospheres},
  volume={106},
  number={D14},
  pages={15045--15052},
  year={2001},
  publisher={Wiley Online Library}
}

@article{YumHudson2005,
  title={Adiabatic predictions and observations of cloud droplet spectral broadness},
  author={Yum, Seong Soo and Hudson, James G},
  journal={Atmospheric research},
  volume={73},
  number={3},
  pages={203--223},
  year={2005},
  publisher={Elsevier}
}

@book{Sedunov1974,
   title={Physics of Drop Formation in the Atmosphere},
   publisher={Wiley-Blackwell},
   author={Yu. S. Sedunov},
   year={1974}
}

@article{MacGrawLiu2006,
  title={Brownian drift-diffusion model for evolution of droplet size distributions in turbulent clouds},
  author={McGraw, Robert and Liu, Yangang},
  journal={Geophysical research letters},
  volume={33},
  number={3},
  year={2006},
  publisher={Wiley Online Library}
}

@article{KhvorostyanovCurry1999,
  title={Toward the theory of stochastic condensation in clouds. Part I: A general kinetic equation},
  author={Khvorostyanov, Vitaly I and Curry, Judith A},
  journal={Journal of the atmospheric sciences},
  volume={56},
  number={23},
  pages={3985--3996},
  year={1999}
}

@article{Liu1995,
  title={On the size distribution of cloud droplets},
  author={Liu, Yangang and Laiguang, You and Weinong, Yang and Feng, Liu},
  journal={Atmospheric Research},
  volume={35},
  number={2},
  pages={201--216},
  year={1995},
  publisher={Elsevier}
}

@article{LiuHallett1997,
  title={The ‘1/3’power law between effective radius and liquid-water content},
  author={Liu, Yangang and Hallett, John},
  journal={Quarterly Journal of the Royal Meteorological Society},
  volume={123},
  number={542},
  pages={1789--1795},
  year={1997},
  publisher={Wiley Online Library}
}

@article{LiuHallett1998,
  title={On size distributions of cloud droplets growing by condensation: A new conceptual model},
  author={Liu, Yangang and Hallett, John},
  journal={Journal of the atmospheric sciences},
  volume={55},
  number={4},
  pages={527--536},
  year={1998}
}

@article{Liu2002,
  title={Anthropogenic aerosols: Indirect warming effect from dispersion forcing},
  author={Liu, Yangang and Daum, Peter H},
  journal={Nature},
  volume={419},
  number={6907},
  pages={580},
  year={2002},
  publisher={Nature Publishing Group}
}

@article{Shaw1998,
  title={Preferential concentration of cloud droplets by turbulence: Effects on the early evolution of cumulus cloud droplet spectra},
  author={Shaw, Raymond A and Reade, Walter C and Collins, Lance R and Verlinde, Johannes},
  journal={Journal of the atmospheric sciences},
  volume={55},
  number={11},
  pages={1965--1976},
  year={1998}
}

@article{Warner1973,
  title={The microstructure of cumulus cloud: Part IV. The effect on the droplet spectrum of mixing between cloud and environment},
  author={Warner, J},
  journal={Journal of the Atmospheric Sciences},
  volume={30},
  number={2},
  pages={256--261},
  year={1973}
}

@article{Baker1979,
  title={The evolution of droplet spectra and the rate of production of embryonic raindrops in small cumulus clouds},
  author={Baker, MB and Latham, J},
  journal={Journal of the Atmospheric Sciences},
  volume={36},
  number={8},
  pages={1612--1615},
  year={1979}
}

@article{Baker1980,
  title={The influence of entrainment on the evolution of cloud droplet spectra: I. A model of inhomogeneous mixing},
  author={Baker, MB and Corbin, RG and Latham, J},
  journal={Quarterly Journal of the Royal Meteorological Society},
  volume={106},
  number={449},
  pages={581--598},
  year={1980},
  publisher={Wiley Online Library}
}

@article{Hicks1990,
  title={Entrainment and mixing processes as related to droplet growth in warm midlatitude and tropical clouds},
  author={Hicks, E and Pontikis, C and Rigaud, A},
  journal={Journal of the atmospheric sciences},
  volume={47},
  number={13},
  pages={1589--1618},
  year={1990}
}

@article{TelfordChai1980,
  title={A new aspect of condensation theory},
  author={Telford, James W and Chai, Steven K},
  journal={pure and applied geophysics},
  volume={118},
  number={2},
  pages={720--742},
  year={1980},
  publisher={Springer}
}

@article{Su1998,
  title={Linear eddy modeling of droplet spectral evolution during entrainment and mixing in cumulus clouds},
  author={Su, Chwen-Wei and Krueger, Steven K and McMurtry, Patrick A and Austin, Philip H},
  journal={Atmospheric research},
  volume={47},
  pages={41--58},
  year={1998},
  publisher={Elsevier}
}

@article{McGrawLiu2003,
  title={Kinetic potential and barrier crossing: A model for warm cloud drizzle formation},
  author={McGraw, Robert and Liu, Yangang},
  journal={Physical review letters},
  volume={90},
  number={1},
  pages={018501},
  year={2003},
  publisher={APS}
}

@article{MacGrawLiu2004,
  title={An analytical expression for predicting the critical radius in the autoconversion parameterization},
  author={Liu, Yangang and Daum, Peter H and McGraw, Robert},
  journal={Geophysical research letters},
  volume={31},
  number={6},
  year={2004},
  publisher={Wiley Online Library}
}

@book{RogersYau1996,
  title={A short course in cloud physics},
  author={Yau, Man Kong and Rogers, RR},
  year={1996},
  publisher={Elsevier}
}

@article{Devenish2012,
  title={Droplet growth in warm turbulent clouds},
  author={Devenish, BJ and Bartello, P and Brenguier, J-L and Collins, LR and Grabowski, WW and IJzermans, RHA and Malinowski, SP and Reeks, MW and Vassilicos, JC and Wang, L-P and others},
  journal={Quarterly Journal of the Royal Meteorological Society},
  volume={138},
  number={667},
  pages={1401--1429},
  year={2012},
  publisher={Wiley Online Library}
}

@article{GrabowskiWang2013,
  title={Growth of cloud droplets in a turbulent environment},
  author={Grabowski, Wojciech W and Wang, Lian-Ping},
  journal={Annual Review of Fluid Mechanics},
  volume={45},
  pages={293--324},
  year={2013},
  publisher={Annual Reviews}
}

@article{LozarMellado2013,
  title={Direct numerical simulations of a smoke cloud--top mixing layer as a model for stratocumuli},
  author={de Lozar, Alberto and Mellado, Juan Pedro},
  journal={Journal of the Atmospheric Sciences},
  volume={70},
  number={8},
  pages={2356--2375},
  year={2013}
}

@article{Burnet1992,
  title={Prediction of normal-tissue tolerance to radiotherapy from in-vitro cellular radiation sensitivity},
  author={Burnet, NG and Wurm, R and Yarnold, JR and Peacock, JH and Nyman, J and Turesson, I},
  journal={The Lancet},
  volume={339},
  number={8809},
  pages={1570--1571},
  year={1992},
  publisher={Elsevier}
}

@article{JiangShu1996,
  title={Efficient implementation of weighted ENO schemes},
  author={Jiang, Guang-Shan and Shu, Chi-Wang},
  journal={Journal of computational physics},
  volume={126},
  number={1},
  pages={202--228},
  year={1996},
  publisher={Elsevier}
}

@article{Sullivan1994,
  title={A subgrid-scale model for large-eddy simulation of planetary boundary-layer flows},
  author={Sullivan, Peter P and McWilliams, James C and Moeng, Chin-Hoh},
  journal={Boundary-Layer Meteorology},
  volume={71},
  number={3},
  pages={247--276},
  year={1994},
  publisher={Springer}
}

@article{Yum2015,
  title={Cloud microphysical relationships and their implication on entrainment and mixing mechanism for the stratocumulus clouds measured during the VOCALS project},
  author={Yum, Seong Soo and Wang, Jian and Liu, Yangang and Senum, Gunnar and Springston, Stephen and McGraw, Robert and Yeom, Jae Min},
  journal={Journal of Geophysical Research: Atmospheres},
  volume={120},
  number={10},
  pages={5047--5069},
  year={2015},
  publisher={Wiley Online Library}
}

@article{Chosson2007,
  title={Entrainment-mixing and radiative transfer simulation in boundary layer clouds},
  author={Chosson, Fr{\'e}d{\'e}rick and Brenguier, Jean-Louis and Sch{\"u}ller, Lothar},
  journal={Journal of the atmospheric sciences},
  volume={64},
  number={7},
  pages={2670--2682},
  year={2007}
}

@article{Grabowski2006,
  title={Daytime convective development over land: A model intercomparison based on LBA observations},
  author={Grabowski, WW and Bechtold, P and Cheng, A and Forbes, R and Halliwell, C and Khairoutdinov, M and Lang, S and Nasuno, T and Petch, J and Tao, W-K and others},
  journal={Quarterly Journal of the Royal Meteorological Society},
  volume={132},
  number={615},
  pages={317--344},
  year={2006},
  publisher={Wiley Online Library}
}

@article{Slawinska2008,
  title={Optical properties of shallow convective clouds diagnosed from a bulk-microphysics large-eddy simulation},
  author={Slawinska, Joanna and Grabowski, Wojciech W and Pawlowska, Hanna and Wyszogrodzki, Andrzej A},
  journal={Journal of Climate},
  volume={21},
  number={7},
  pages={1639--1647},
  year={2008}
}

@article{Jensen1989,
  title={A simple model of droplet spectral evolution during turbulent mixing},
  author={Jensen, J{\o}rgen B and Baker, Marcia B},
  journal={Journal of the atmospheric sciences},
  volume={46},
  number={18},
  pages={2812--2829},
  year={1989}
}

@techreport{Zhou1964,
  title={A STUDY OF THE MICROPHYSICAL MECHANISM OF WARM-CLOUD PRECIPITATION},
  author={Hsiu-chi, Chou},
  year={1964},
  institution={DTIC Document}
}

@article{Yano2016,
  title={Numerical Archetypal Parameterization for Mesoscale Convective Systems},
  author={Yano, Jun-Ichi and Moncrieff, Mitchell W},
  journal={Journal of the Atmospheric Sciences},
  volume={73},
  number={7},
  pages={2585--2602},
  year={2016}
}

@article{Endo2015,
  title={RACORO continental boundary layer cloud investigations: 2. Large-eddy simulations of cumulus clouds and evaluation with in situ and ground-based observations},
  author={Endo, Satoshi and Fridlind, Ann M and Lin, Wuyin and Vogelmann, Andrew M and Toto, Tami and Ackerman, Andrew S and McFarquhar, Greg M and Jackson, Robert C and Jonsson, Haflidi H and Liu, Yangang},
  journal={Journal of Geophysical Research: Atmospheres},
  volume={120},
  number={12},
  pages={5993--6014},
  year={2015},
  publisher={Wiley Online Library}
}
